@ARTICLE{ali2015,
	author = {{Ali}, Zaki S. and {Parsons}, Aaron R. and {Zheng}, Haoxuan and
	{Pober}, Jonathan C. and {Liu}, Adrian and {Aguirre}, James E. and
	{Bradley}, Richard F. and {Bernardi}, Gianni and {Carilli}, Chris L. and
	{Cheng}, Carina and {DeBoer}, David R. and {Dexter}, Matthew R. and
	{Grobbelaar}, Jasper and {Horrell}, Jasper and {Jacobs}, Daniel C. and
	{Klima}, Pat and {MacMahon}, David H.~E. and {Maree}, Matthys and
	{Moore}, David F. and {Razavi}, Nima and {Stefan}, Irina I. and
	{Walbrugh}, William P. and {Walker}, Andre},
	title = "{PAPER-64 Constraints on Reionization: The 21 cm Power Spectrum at z = 8.4}",
	journal = {\apj},
	keywords = {cosmology: observations, dark ages, reionization, first stars, early universe, instrumentation: interferometers, intergalactic medium, Astrophysics - Cosmology and Nongalactic Astrophysics},
	year = "2015",
	month = "Aug",
	volume = {809},
	eid = {61},
	pages = {61},
	doi = {10.1088/0004-637X/809/1/61},
	archivePrefix = {arXiv},
	eprint = {1502.06016},
	primaryClass = {astro-ph.CO},
	adsurl = {https://ui.adsabs.harvard.edu/\#abs/2015ApJ...809...61A},
	adsnote = {Provided by the SAO/NASA Astrophysics Data System}
}

@ARTICLE{bowman2018,
	author = {{Bowman}, Judd D. and {Rogers}, Alan E.~E. and {Monsalve}, Raul A. and
	{Mozdzen}, Thomas J. and {Mahesh}, Nivedita},
	title = "{An absorption profile centred at 78 megahertz in the sky-averaged spectrum}",
	journal = {\nat},
	keywords = {Astrophysics - Cosmology and Nongalactic Astrophysics, Astrophysics - Instrumentation and Methods for Astrophysics},
	year = "2018",
	month = "Mar",
	volume = {555},
	pages = {67-70},
	doi = {10.1038/nature25792},
	archivePrefix = {arXiv},
	eprint = {1810.05912},
	primaryClass = {astro-ph.CO},
	adsurl = {https://ui.adsabs.harvard.edu/\#abs/2018Natur.555...67B},
	adsnote = {Provided by the SAO/NASA Astrophysics Data System}
}

@ARTICLE{deboer2017,
	author = {{DeBoer}, D.~R. and {Parsons}, A.~R. and {Aguirre}, J.~E. and
	{Alexander}, P. and {Ali}, Z.~S. and {Beardsley}, A.~P. and
	{Bernardi}, G. and {Bowman}, J.~D. and {Bradley}, R.~F. and
	{Carilli}, C.~L. and {Cheng}, C. and {de Lera Acedo}, E. and
	{Dillon}, J.~S. and {Ewall-Wice}, A. and {Fadana}, G. and {Fagnoni}, N. and
	{Fritz}, R. and {Furlanetto}, S.~R. and {Glendenning}, B. and
	{Greig}, B. and {Grobbelaar}, J. and {Hazelton}, B.~J. and {Hewitt}, J.~N. and
	{Hickish}, J. and {Jacobs}, D.~C. and {Julius}, A. and {Kariseb}, M. and
	{Kohn}, S.~A. and {Lekalake}, T. and {Liu}, A. and {Loots}, A. and
	{MacMahon}, D. and {Malan}, L. and {Malgas}, C. and {Maree}, M. and
	{Martinot}, Z. and {Mathison}, N. and {Matsetela}, E. and {Mesinger}, A. and
	{Morales}, M.~F. and {Neben}, A.~R. and {Patra}, N. and {Pieterse}, S. and
	{Pober}, J.~C. and {Razavi-Ghods}, N. and {Ringuette}, J. and
	{Robnett}, J. and {Rosie}, K. and {Sell}, R. and {Smith}, C. and
	{Syce}, A. and {Tegmark}, M. and {Thyagarajan}, N. and {Williams}, P.~K.~G. and
	{Zheng}, H.},
	title = "{Hydrogen Epoch of Reionization Array (HERA)}",
	journal = {\pasp},
	archivePrefix = "arXiv",
	eprint = {1606.07473},
	primaryClass = "astro-ph.IM",
	year = 2017,
	month = apr,
	volume = 129,
	number = 4,
	pages = {045001},
	doi = {10.1088/1538-3873/129/974/045001},
	adsurl = {http://adsabs.harvard.edu/abs/2017PASP..129d5001D},
	adsnote = {Provided by the SAO/NASA Astrophysics Data System}
}

@ARTICLE{fan2006,
	author = {{Fan}, Xiaohui and {Carilli}, C.~L. and {Keating}, B.},
	title = "{Observational Constraints on Cosmic Reionization}",
	journal = {Annual Review of Astronomy and Astrophysics},
	keywords = {Astrophysics},
	year = "2006",
	month = "Sep",
	volume = {44},
	pages = {415-462},
	doi = {10.1146/annurev.astro.44.051905.092514},
	archivePrefix = {arXiv},
	eprint = {astro-ph/0602375},
	primaryClass = {astro-ph},
	adsurl = {https://ui.adsabs.harvard.edu/\#abs/2006ARA&A..44..415F},
	adsnote = {Provided by the SAO/NASA Astrophysics Data System}
}

@ARTICLE{furlanetto2006,
   author = {{Furlanetto}, S.~R. and {Oh}, S.~P. and {Briggs}, F.~H.},
    title = "{Cosmology at low frequencies: The 21 cm transition and the high-redshift Universe}",
  journal = {\physrep},
   eprint = {astro-ph/0608032},
     year = 2006,
    month = oct,
   volume = 433,
    pages = {181-301},
      doi = {10.1016/j.physrep.2006.08.002},
   adsurl = {http://adsabs.harvard.edu/abs/2006PhR...433..181F},
  adsnote = {Provided by the SAO/NASA Astrophysics Data System}
}

@ARTICLE{gallerani2008,
	author = {{Gallerani}, S. and {Salvaterra}, R. and {Ferrara}, A. and {Choudhury}, T.~R.
	},
	title = "{Testing reionization with gamma-ray burst absorption spectra}",
	journal = {\mnras},
	archivePrefix = "arXiv",
	eprint = {0710.1303},
	keywords = {intergalactic medium, large-scale structure of Universe, gamma-rays: bursts},
	year = 2008,
	month = jul,
	volume = 388,
	pages = {L84-L88},
	doi = {10.1111/j.1745-3933.2008.00504.x},
	adsurl = {http://adsabs.harvard.edu/abs/2008MNRAS.388L..84G},
	adsnote = {Provided by the SAO/NASA Astrophysics Data System}
}

@ARTICLE{hopkins2007,
	author = {{Hopkins}, P.~F. and {Richards}, G.~T. and {Hernquist}, L.},
	title = "{An Observational Determination of the Bolometric Quasar Luminosity Function}",
	journal = {\apj},
	eprint = {astro-ph/0605678},
	keywords = {Cosmology: Observations, Galaxies: Active, Galaxies: Evolution, Galaxies: Luminosity Function, Mass Function, Infrared: Galaxies, Galaxies: Quasars: General, Ultraviolet: Galaxies, X-Rays: Galaxies},
	year = 2007,
	month = jan,
	volume = 654,
	pages = {731-753},
	doi = {10.1086/509629},
	adsurl = {http://adsabs.harvard.edu/abs/2007ApJ...654..731H},
	adsnote = {Provided by the SAO/NASA Astrophysics Data System}
}

@ARTICLE{liu2010,
	author = {{Liu}, Adrian and {Tegmark}, Max and {Morrison}, Scott and
	{Lutomirski}, Andrew and {Zaldarriaga}, Matias},
	title = "{Precision calibration of radio interferometers using redundant baselines}",
	journal = {\mnras},
	keywords = {instrumentation: interferometers, methods: data analysis, cosmology: observations, radio continuum: general, Astrophysics - Instrumentation and Methods for Astrophysics, Astrophysics - Cosmology and Extragalactic Astrophysics},
	year = "2010",
	month = "Oct",
	volume = {408},
	pages = {1029-1050},
	doi = {10.1111/j.1365-2966.2010.17174.x},
	archivePrefix = {arXiv},
	eprint = {1001.5268},
	primaryClass = {astro-ph.IM},
	adsurl = {https://ui.adsabs.harvard.edu/\#abs/2010MNRAS.408.1029L},
	adsnote = {Provided by the SAO/NASA Astrophysics Data System}
}

@ARTICLE{liu2011,
	author = {{Liu}, Adrian and {Tegmark}, Max},
	title = "{A method for 21 cm power spectrum estimation in the presence of foregrounds}",
	journal = {\prd},
	keywords = {95.75.-z, 95.75.Pq, 98.80.Es, Observation and data reduction techniques, computer modeling and simulation, Mathematical procedures and computer techniques, Observational cosmology, Astrophysics - Cosmology and Extragalactic Astrophysics},
	year = "2011",
	month = "May",
	volume = {83},
	eid = {103006},
	pages = {103006},
	doi = {10.1103/PhysRevD.83.103006},
	archivePrefix = {arXiv},
	eprint = {1103.0281},
	primaryClass = {astro-ph.CO},
	adsurl = {https://ui.adsabs.harvard.edu/\#abs/2011PhRvD..83j3006L},
	adsnote = {Provided by the SAO/NASA Astrophysics Data System}
}

@ARTICLE{loeb2006,
	author = {{Loeb}, A.},
	title = "{The dark ages of the Universe.}",
	journal = {Scientific American},
	year = 2006,
	month = nov,
	volume = 295,
	number = 5,
	adsurl = {http://adsabs.harvard.edu/abs/2006SciAm.295e..46L},
	adsnote = {Provided by the SAO/NASA Astrophysics Data System}
}

@ARTICLE{malhotra2004,
	author = {{Malhotra}, S. and {Rhoads}, J.~E.},
	title = "{Luminosity Functions of Ly{$\alpha$} Emitters at Redshifts z=6.5 and z=5.7: Evidence against Reionization at z$\lt$=6.5}",
	journal = {\apjl},
	eprint = {astro-ph/0407408},
	keywords = {Galaxies: Evolution, Galaxies: Formation, Galaxies: High-Redshift, Galaxies: Luminosity Function, Mass Function, Galaxies: Intergalactic Medium},
	year = 2004,
	month = dec,
	volume = 617,
	pages = {L5-L8},
	doi = {10.1086/427182},
	adsurl = {http://adsabs.harvard.edu/abs/2004ApJ...617L...5M},
	adsnote = {Provided by the SAO/NASA Astrophysics Data System}
}

@ARTICLE{mason2018,
	author = {{Mason}, Charlotte A. and {Treu}, Tommaso and {Dijkstra}, Mark and
	{Mesinger}, Andrei and {Trenti}, Michele and {Pentericci}, Laura and
	{de Barros}, Stephane and {Vanzella}, Eros},
	title = "{The Universe Is Reionizing at z Ìƒ 7: Bayesian Inference of the IGM Neutral Fraction Using Ly{\ensuremath{\alpha}} Emission from Galaxies}",
	journal = {\apj},
	keywords = {dark ages, reionization, first stars, galaxies: evolution, galaxies: high redshift, intergalactic medium, Astrophysics - Cosmology and Nongalactic Astrophysics, Astrophysics - Astrophysics of Galaxies},
	year = "2018",
	month = "Mar",
	volume = {856},
	eid = {2},
	pages = {2},
	doi = {10.3847/1538-4357/aab0a7},
	archivePrefix = {arXiv},
	eprint = {1709.05356},
	primaryClass = {astro-ph.CO},
	adsurl = {https://ui.adsabs.harvard.edu/\#abs/2018ApJ...856....2M},
	adsnote = {Provided by the SAO/NASA Astrophysics Data System}
}

@ARTICLE{mellema2013,
	author = {{Mellema}, Garrelt and {Koopmans}, L{\'e}on V.~E. and
	{Abdalla}, Filipe A. and {Bernardi}, Gianni and {Ciardi}, Benedetta and
	{Daiboo}, Soobash and {de Bruyn}, A.~G. and {Datta}, Kanan K. and
	{Falcke}, Heino and {Ferrara}, Andrea and {Iliev}, Ilian T. and
	{Iocco}, Fabio and {Jeli{\'c}}, Vibor and {Jensen}, Hannes and
	{Joseph}, Ronniy and {Labroupoulos}, Panos and {Meiksin}, Avery and
	{Mesinger}, Andrei and {Offringa}, Andr{\'e} R. and {Pandey}, V.~N. and
	{Pritchard}, Jonathan R. and {Santos}, Mario G. and
	{Schwarz}, Dominik J. and {Semelin}, Benoit and {Vedantham}, Harish and
	{Yatawatta}, Sarod and {Zaroubi}, Saleem},
	title = "{Reionization and the Cosmic Dawn with the Square Kilometre Array}",
	journal = {Experimental Astronomy},
	keywords = {Cosmology: Observations, Dark ages, Reionization, First stars, Diffuse radiation, Intergalactic medium, Radio lines: General, Techniques: Interferometric, Astrophysics - Cosmology and Nongalactic Astrophysics},
	year = "2013",
	month = "Aug",
	volume = {36},
	pages = {235-318},
	doi = {10.1007/s10686-013-9334-5},
	archivePrefix = {arXiv},
	eprint = {1210.0197},
	primaryClass = {astro-ph.CO},
	adsurl = {https://ui.adsabs.harvard.edu/\#abs/2013ExA....36..235M},
	adsnote = {Provided by the SAO/NASA Astrophysics Data System}
}

@ARTICLE{morales2010,
   author = {{Morales}, M.~F. and {Wyithe}, J.~S.~B.},
    title = "{Reionization and Cosmology with 21-cm Fluctuations}",
  journal = {\araa},
archivePrefix = "arXiv",
   eprint = {0910.3010},
     year = 2010,
    month = sep,
   volume = 48,
    pages = {127-171},
      doi = {10.1146/annurev-astro-081309-130936},
   adsurl = {http://adsabs.harvard.edu/abs/2010ARA%26A..48..127M},
  adsnote = {Provided by the SAO/NASA Astrophysics Data System}
}

@ARTICLE{oh2002,
	author = {{Oh}, S. Peng},
	title = "{Probing the dark ages with metal absorption lines}",
	journal = {\mnras},
	keywords = {galaxies: high-redshift, intergalactic medium, quasars: absorption lines, cosmology: theory, early Universe, Astrophysics},
	year = "2002",
	month = "Nov",
	volume = {336},
	pages = {1021-1029},
	doi = {10.1046/j.1365-8711.2002.05859.x},
	archivePrefix = {arXiv},
	eprint = {astro-ph/0201517},
	primaryClass = {astro-ph},
	adsurl = {https://ui.adsabs.harvard.edu/\#abs/2002MNRAS.336.1021O},
	adsnote = {Provided by the SAO/NASA Astrophysics Data System}
}

@ARTICLE{park2013,
	author = {{Park}, Hyunbae and {Shapiro}, Paul R. and {Komatsu}, Eiichiro and
	{Iliev}, Ilian T. and {Ahn}, Kyungjin and {Mellema}, Garrelt},
	title = "{The Kinetic Sunyaev-Zel'dovich Effect as a Probe of the Physics of Cosmic Reionization: The Effect of Self-regulated Reionization}",
	journal = {\apj},
	keywords = {cosmic background radiation, dark ages, reionization, first stars, early universe, galaxies: high-redshift, intergalactic medium, large-scale structure of universe, radiative transfer, Astrophysics - Cosmology and Nongalactic Astrophysics},
	year = "2013",
	month = "Jun",
	volume = {769},
	eid = {93},
	pages = {93},
	doi = {10.1088/0004-637X/769/2/93},
	archivePrefix = {arXiv},
	eprint = {1301.3607},
	primaryClass = {astro-ph.CO},
	adsurl = {https://ui.adsabs.harvard.edu/\#abs/2013ApJ...769...93P},
	adsnote = {Provided by the SAO/NASA Astrophysics Data System}
}

@ARTICLE{parsons2010,
	author = {{Parsons}, Aaron R. and {Backer}, Donald C. and {Foster}, Griffin S. and
	{Wright}, Melvyn C.~H. and {Bradley}, Richard F. and
	{Gugliucci}, Nicole E. and {Parashare}, Chaitali R. and
	{Benoit}, Erin E. and {Aguirre}, James E. and {Jacobs}, Daniel C. and
	{Carilli}, Chris L. and {Herne}, David and {Lynch}, Mervyn J. and
	{Manley}, Jason R. and {Werthimer}, Daniel J.},
	title = "{The Precision Array for Probing the Epoch of Re-ionization: Eight Station Results}",
	journal = {\aj},
	keywords = {cosmology: observations, instrumentation: interferometers, radio continuum: general, techniques: interferometric, site testing, telescopes, Astrophysics - Cosmology and Nongalactic Astrophysics},
	year = "2010",
	month = "Apr",
	volume = {139},
	pages = {1468-1480},
	doi = {10.1088/0004-6256/139/4/1468},
	archivePrefix = {arXiv},
	eprint = {0904.2334},
	primaryClass = {astro-ph.CO},
	adsurl = {https://ui.adsabs.harvard.edu/\#abs/2010AJ....139.1468P},
	adsnote = {Provided by the SAO/NASA Astrophysics Data System}
}

@ARTICLE{parsons2012,
	author = {{Parsons}, A.~R. and {Pober}, J.~C. and {Aguirre}, J.~E. and
	{Carilli}, C.~L. and {Jacobs}, D.~C. and {Moore}, D.~F.},
	title = "{A Per-baseline, Delay-spectrum Technique for Accessing the 21 cm Cosmic Reionization Signature}",
	journal = {\apj},
	archivePrefix = "arXiv",
	eprint = {1204.4749},
	primaryClass = "astro-ph.IM",
	keywords = {cosmology: observations, instrumentation: interferometers, radio continuum: general, site testing, techniques: interferometric, telescopes},
	year = 2012,
	month = sep,
	volume = 756,
	eid = {165},
	pages = {165},
	doi = {10.1088/0004-637X/756/2/165},
	adsurl = {http://adsabs.harvard.edu/abs/2012ApJ...756..165P},
	adsnote = {Provided by the SAO/NASA Astrophysics Data System}
}

@ARTICLE{pritchard2012,
	author = {{Pritchard}, J.~R. and {Loeb}, A.},
	title = "{21 cm cosmology in the 21st century}",
	journal = {\rpph},
	archivePrefix = "arXiv",
	eprint = {1109.6012},
	year = 2012,
	month = aug,
	volume = 75,
	number = 8,
	eid = {086901},
	pages = {086901},
	doi = {10.1088/0034-4885/75/8/086901},
	adsurl = {http://adsabs.harvard.edu/abs/2012RPPh...75h6901P},
	adsnote = {Provided by the SAO/NASA Astrophysics Data System}
}

@ARTICLE{richards2006,
	author = {{Richards}, G.~T. and {Strauss}, M.~A. and {Fan}, X. and {Hall}, P.~B. and
	{Jester}, S. and {Schneider}, D.~P. and {Vanden Berk}, D.~E. and
	{Stoughton}, C. and {Anderson}, S.~F. and {Brunner}, R.~J. and
	{Gray}, J. and {Gunn}, J.~E. and {Ivezi{\'c}}, {\v Z}. and {Kirkland}, M.~K. and
	{Knapp}, G.~R. and {Loveday}, J. and {Meiksin}, A. and {Pope}, A. and
	{Szalay}, A.~S. and {Thakar}, A.~R. and {Yanny}, B. and {York}, D.~G. and
	{Barentine}, J.~C. and {Brewington}, H.~J. and {Brinkmann}, J. and
	{Fukugita}, M. and {Harvanek}, M. and {Kent}, S.~M. and {Kleinman}, S.~J. and
	{Krzesi{\'n}ski}, J. and {Long}, D.~C. and {Lupton}, R.~H. and
	{Nash}, T. and {Neilsen}, Jr., E.~H. and {Nitta}, A. and {Schlegel}, D.~J. and
	{Snedden}, S.~A.},
	title = "{The Sloan Digital Sky Survey Quasar Survey: Quasar Luminosity Function from Data Release 3}",
	journal = {\aj},
	eprint = {astro-ph/0601434},
	keywords = {Cosmology: Observations, Galaxies: Active, Galaxies: Luminosity Function, Mass Function, Galaxies: Quasars: General, Surveys},
	year = 2006,
	month = jun,
	volume = 131,
	pages = {2766-2787},
	doi = {10.1086/503559},
	adsurl = {http://adsabs.harvard.edu/abs/2006AJ....131.2766R},
	adsnote = {Provided by the SAO/NASA Astrophysics Data System}
}

@ARTICLE{roy2018,
	author = {{Roy}, A. and {Lapi}, A. and {Spergel}, D. and {Baccigalupi}, C.},
	title = "{Observing patchy reionization with future CMB polarization experiments}",
	journal = {Journal of Cosmology and Astro-Particle Physics},
	keywords = {Astrophysics - Cosmology and Nongalactic Astrophysics},
	year = "2018",
	month = "May",
	volume = {2018},
	eid = {014},
	pages = {014},
	doi = {10.1088/1475-7516/2018/05/014},
	archivePrefix = {arXiv},
	eprint = {1801.02393},
	primaryClass = {astro-ph.CO},
	adsurl = {https://ui.adsabs.harvard.edu/\#abs/2018JCAP...05..014R},
	adsnote = {Provided by the SAO/NASA Astrophysics Data System}
}

@ARTICLE{tegmark1997,
	author = {{Tegmark}, Max},
	title = "{How to measure CMB power spectra without losing information}",
	journal = {\prd},
	keywords = {98.70.Vc, 98.80.Bp, 98.80.Es, Background radiations, Origin and formation of the Universe, Observational cosmology, Astrophysics},
	year = "1997",
	month = "May",
	volume = {55},
	pages = {5895-5907},
	doi = {10.1103/PhysRevD.55.5895},
	archivePrefix = {arXiv},
	eprint = {astro-ph/9611174},
	primaryClass = {astro-ph},
	adsurl = {https://ui.adsabs.harvard.edu/\#abs/1997PhRvD..55.5895T},
	adsnote = {Provided by the SAO/NASA Astrophysics Data System}
}

@ARTICLE{tegmark1998,
	author = {{Tegmark}, Max and {Hamilton}, Andrew J.~S. and {Strauss}, Michael A. and
	{Vogeley}, Michael S. and {Szalay}, Alexander S.},
	title = "{Measuring the Galaxy Power Spectrum with Future Redshift Surveys}",
	journal = {\apj},
	keywords = {Galaxies: Distances and Redshifts, Galaxies: Photometry, Methods: Numerical, Astrophysics},
	year = "1998",
	month = "May",
	volume = {499},
	pages = {555-576},
	doi = {10.1086/305663},
	archivePrefix = {arXiv},
	eprint = {astro-ph/9708020},
	primaryClass = {astro-ph},
	adsurl = {https://ui.adsabs.harvard.edu/\#abs/1998ApJ...499..555T},
	adsnote = {Provided by the SAO/NASA Astrophysics Data System}
}

@ARTICLE{tingay2013,
	author = {{Tingay}, S.~J. and {Goeke}, R. and {Bowman}, J.~D. and {Emrich}, D. and
	{Ord}, S.~M. and {Mitchell}, D.~A. and {Morales}, M.~F. and
	{Booler}, T. and {Crosse}, B. and {Wayth}, R.~B. and {Lonsdale}, C.~J. and
	{Tremblay}, S. and {Pallot}, D. and {Colegate}, T. and {Wicenec}, A. and
	{Kudryavtseva}, N. and {Arcus}, W. and {Barnes}, D. and {Bernardi}, G. and
	{Briggs}, F. and {Burns}, S. and {Bunton}, J.~D. and {Cappallo}, R.~J. and
	{Corey}, B.~E. and {Deshpande}, A. and {Desouza}, L. and {Gaensler}, B.~M. and
	{Greenhill}, L.~J. and {Hall}, P.~J. and {Hazelton}, B.~J. and
	{Herne}, D. and {Hewitt}, J.~N. and {Johnston-Hollitt}, M. and
	{Kaplan}, D.~L. and {Kasper}, J.~C. and {Kincaid}, B.~B. and
	{Koenig}, R. and {Kratzenberg}, E. and {Lynch}, M.~J. and {Mckinley}, B. and
	{Mcwhirter}, S.~R. and {Morgan}, E. and {Oberoi}, D. and {Pathikulangara}, J. and
	{Prabu}, T. and {Remillard}, R.~A. and {Rogers}, A.~E.~E. and
	{Roshi}, A. and {Salah}, J.~E. and {Sault}, R.~J. and {Udaya-Shankar}, N. and
	{Schlagenhaufer}, F. and {Srivani}, K.~S. and {Stevens}, J. and
	{Subrahmanyan}, R. and {Waterson}, M. and {Webster}, R.~L. and
	{Whitney}, A.~R. and {Williams}, A. and {Williams}, C.~L. and
	{Wyithe}, J.~S.~B.},
	title = "{The Murchison Widefield Array: The Square Kilometre Array Precursor at Low Radio Frequencies}",
	journal = {\pasa},
	archivePrefix = "arXiv",
	eprint = {1206.6945},
	primaryClass = "astro-ph.IM",
	keywords = {instrumentation: interferometers, techniques: image processing, techniques: interferometric, radio continuum: general, radio lines: general, early Universe},
	year = 2013,
	month = jan,
	volume = 30,
	eid = {e007},
	pages = {e007},
	doi = {10.1017/pasa.2012.007},
	adsurl = {http://adsabs.harvard.edu/abs/2013PASA...30....7T},
	adsnote = {Provided by the SAO/NASA Astrophysics Data System}
}

@ARTICLE{trac2007,
	author = {{Trac}, H. and {Cen}, R.},
	title = "{Radiative Transfer Simulations of Cosmic Reionization. I. Methodology and Initial Results}",
	journal = {\apj},
	eprint = {astro-ph/0612406},
	keywords = {Cosmology: Theory, Galaxies: Formation, Galaxies: Intergalactic Medium, Cosmology: Large-Scale Structure of Universe, Methods: Numerical, Radiative Transfer, Stars: Formation},
	year = 2007,
	month = dec,
	volume = 671,
	pages = {1-13},
	doi = {10.1086/522566},
	adsurl = {http://adsabs.harvard.edu/abs/2007ApJ...671....1T},
	adsnote = {Provided by the SAO/NASA Astrophysics Data System}
}

@ARTICLE{vanHaarlem2013,
	author = {{van Haarlem}, M.~P. and {Wise}, M.~W. and {Gunst}, A.~W. and
	{Heald}, G. and {McKean}, J.~P. and {Hessels}, J.~W.~T. and
	{de Bruyn}, A.~G. and {Nijboer}, R. and {Swinbank}, J. and
	{Fallows}, R. and {Brentjens}, M. and {Nelles}, A. and {Beck}, R. and
	{Falcke}, H. and {Fender}, R. and {H{\"o}randel}, J. and
	{Koopmans}, L.~V.~E. and {Mann}, G. and {Miley}, G. and
	{R{\"o}ttgering}, H. and {Stappers}, B.~W. and {Wijers}, R.~A.~M.~J. and
	{Zaroubi}, S. and {van den Akker}, M. and {Alexov}, A. and
	{Anderson}, J. and {Anderson}, K. and {van Ardenne}, A. and {Arts}, M. and
	{Asgekar}, A. and {Avruch}, I.~M. and {Batejat}, F. and
	{B{\"a}hren}, L. and {Bell}, M.~E. and {Bell}, M.~R. and
	{van Bemmel}, I. and {Bennema}, P. and {Bentum}, M.~J. and
	{Bernardi}, G. and {Best}, P. and {B{\^\i}rzan}, L. and {Bonafede}, A. and
	{Boonstra}, A. -J. and {Braun}, R. and {Bregman}, J. and
	{Breitling}, F. and {van de Brink}, R.~H. and {Broderick}, J. and
	{Broekema}, P.~C. and {Brouw}, W.~N. and {Br{\"u}ggen}, M. and
	{Butcher}, H.~R. and {van Cappellen}, W. and {Ciardi}, B. and
	{Coenen}, T. and {Conway}, J. and {Coolen}, A. and {Corstanje}, A. and
	{Damstra}, S. and {Davies}, O. and {Deller}, A.~T. and
	{Dettmar}, R. -J. and {van Diepen}, G. and {Dijkstra}, K. and
	{Donker}, P. and {Doorduin}, A. and {Dromer}, J. and {Drost}, M. and
	{van Duin}, A. and {Eisl{\"o}ffel}, J. and {van Enst}, J. and
	{Ferrari}, C. and {Frieswijk}, W. and {Gankema}, H. and
	{Garrett}, M.~A. and {de Gasperin}, F. and {Gerbers}, M. and
	{de Geus}, E. and {Grie{\ss}meier}, J. -M. and {Grit}, T. and
	{Gruppen}, P. and {Hamaker}, J.~P. and {Hassall}, T. and {Hoeft}, M. and
	{Holties}, H.~A. and {Horneffer}, A. and {van der Horst}, A. and
	{van Houwelingen}, A. and {Huijgen}, A. and {Iacobelli}, M. and
	{Intema}, H. and {Jackson}, N. and {Jelic}, V. and {de Jong}, A. and
	{Juette}, E. and {Kant}, D. and {Karastergiou}, A. and {Koers}, A. and
	{Kollen}, H. and {Kondratiev}, V.~I. and {Kooistra}, E. and
	{Koopman}, Y. and {Koster}, A. and {Kuniyoshi}, M. and {Kramer}, M. and
	{Kuper}, G. and {Lambropoulos}, P. and {Law}, C. and {van Leeuwen}, J. and
	{Lemaitre}, J. and {Loose}, M. and {Maat}, P. and {Macario}, G. and
	{Markoff}, S. and {Masters}, J. and {McFadden}, R.~A. and
	{McKay-Bukowski}, D. and {Meijering}, H. and {Meulman}, H. and
	{Mevius}, M. and {Middelberg}, E. and {Millenaar}, R. and
	{Miller-Jones}, J.~C.~A. and {Mohan}, R.~N. and {Mol}, J.~D. and
	{Morawietz}, J. and {Morganti}, R. and {Mulcahy}, D.~D. and
	{Mulder}, E. and {Munk}, H. and {Nieuwenhuis}, L. and
	{van Nieuwpoort}, R. and {Noordam}, J.~E. and {Norden}, M. and
	{Noutsos}, A. and {Offringa}, A.~R. and {Olofsson}, H. and {Omar}, A. and
	{Orr{\'u}}, E. and {Overeem}, R. and {Paas}, H. and {Pand
	ey-Pommier}, M. and {Pandey}, V.~N. and {Pizzo}, R. and {Polatidis}, A. and
	{Rafferty}, D. and {Rawlings}, S. and {Reich}, W. and
	{de Reijer}, J. -P. and {Reitsma}, J. and {Renting}, G.~A. and
	{Riemers}, P. and {Rol}, E. and {Romein}, J.~W. and {Roosjen}, J. and
	{Ruiter}, M. and {Scaife}, A. and {van der Schaaf}, K. and
	{Scheers}, B. and {Schellart}, P. and {Schoenmakers}, A. and
	{Schoonderbeek}, G. and {Serylak}, M. and {Shulevski}, A. and
	{Sluman}, J. and {Smirnov}, O. and {Sobey}, C. and {Spreeuw}, H. and
	{Steinmetz}, M. and {Sterks}, C.~G.~M. and {Stiepel}, H. -J. and
	{Stuurwold}, K. and {Tagger}, M. and {Tang}, Y. and {Tasse}, C. and
	{Thomas}, I. and {Thoudam}, S. and {Toribio}, M.~C. and
	{van der Tol}, B. and {Usov}, O. and {van Veelen}, M. and
	{van der Veen}, A. -J. and {ter Veen}, S. and {Verbiest}, J.~P.~W. and
	{Vermeulen}, R. and {Vermaas}, N. and {Vocks}, C. and {Vogt}, C. and
	{de Vos}, M. and {van der Wal}, E. and {van Weeren}, R. and
	{Weggemans}, H. and {Weltevrede}, P. and {White}, S. and
	{Wijnholds}, S.~J. and {Wilhelmsson}, T. and {Wucknitz}, O. and
	{Yatawatta}, S. and {Zarka}, P. and {Zensus}, A. and {van Zwieten}, J.},
	title = "{LOFAR: The LOw-Frequency ARray}",
	journal = {\aap},
	keywords = {instrumentation: interferometers, radio continuum: general, radio lines: general, dark ages, reionization, first stars, telescopes, Astrophysics - Instrumentation and Methods for Astrophysics},
	year = "2013",
	month = "Aug",
	volume = {556},
	eid = {A2},
	pages = {A2},
	doi = {10.1051/0004-6361/201220873},
	archivePrefix = {arXiv},
	eprint = {1305.3550},
	primaryClass = {astro-ph.IM},
	adsurl = {https://ui.adsabs.harvard.edu/\#abs/2013A&A...556A...2V},
	adsnote = {Provided by the SAO/NASA Astrophysics Data System}
}

@ARTICLE{zheng2014,
	author = {{Zheng}, H. and {Tegmark}, M. and {Buza}, V. and {Dillon}, J.~S. and
	{Gharibyan}, H. and {Hickish}, J. and {Kunz}, E. and {Liu}, A. and
	{Losh}, J. and {Lutomirski}, A. and {Morrison}, S. and {Narayanan}, S. and
	{Perko}, A. and {Rosner}, D. and {Sanchez}, N. and {Schutz}, K. and
	{Tribiano}, S.~M. and {Valdez}, M. and {Yang}, H. and {Adami}, K. Zarb and
	{Zelko}, I. and {Zheng}, K. and {Armstrong}, R.~P. and
	{Bradley}, R.~F. and {Dexter}, M.~R. and {Ewall-Wice}, A. and
	{Magro}, A. and {Matejek}, M. and {Morgan}, E. and {Neben}, A.~R. and
	{Pan}, Q. and {Penna}, R.~F. and {Peterson}, C.~M. and {Su}, M. and
	{Villasenor}, J. and {Williams}, C.~L. and {Zhu}, Y.},
	title = "{MITEoR: a scalable interferometer for precision 21 cm cosmology}",
	journal = {\mnras},
	keywords = {instrumentation: interferometers, methods: data analysis, techniques: interferometric, cosmology: observations, dark ages, reionization, first stars, Astrophysics - Instrumentation and Methods for Astrophysics},
	year = "2014",
	month = "Dec",
	volume = {445},
	pages = {1084-1103},
	doi = {10.1093/mnras/stu1773},
	archivePrefix = {arXiv},
	eprint = {1405.5527},
	primaryClass = {astro-ph.IM},
	adsurl = {https://ui.adsabs.harvard.edu/\#abs/2014MNRAS.445.1084Z},
	adsnote = {Provided by the SAO/NASA Astrophysics Data System}
}

@ARTICLE{zaldarriaga1997,
	author = {{Zaldarriaga}, M.},
	title = "{Polarization of the microwave background in reionized models}",
	journal = {\prd},
	eprint = {astro-ph/9608050},
	keywords = {Background radiations, Observational cosmology},
	year = 1997,
	month = feb,
	volume = 55,
	pages = {1822-1829},
	doi = {10.1103/PhysRevD.55.1822},
	adsurl = {http://adsabs.harvard.edu/abs/1997PhRvD..55.1822Z},
	adsnote = {Provided by the SAO/NASA Astrophysics Data System}
}
