@ARTICLE{2019arXiv191002361K,
       author = {{Kubota}, Kenji and {Inoue}, Akio. K. and {Hasegawa}, Kenji and
         {Takahashi}, Keitaro},
        title = "{Detectability of 21cm signal during the Epoch of Reionization with 21cm-Lyman-${\alpha}$ emitter cross-correlation. III. Model dependence}",
      journal = {arXiv e-prints},
     keywords = {Astrophysics - Cosmology and Nongalactic Astrophysics},
         year = "2019",
        month = "Oct",
          eid = {arXiv:1910.02361},
        pages = {arXiv:1910.02361},
archivePrefix = {arXiv},
       eprint = {1910.02361},
 primaryClass = {astro-ph.CO},
       adsurl = {https://ui.adsabs.harvard.edu/abs/2019arXiv191002361K},
      adsnote = {Provided by the SAO/NASA Astrophysics Data System}
}

@ARTICLE{2019ApJ...884....1B,
       author = {{Barry}, N. and {Wilensky}, M. and {Trott}, C.~M. and {Pindor}, B. and
         {Beardsley}, A.~P. and {Hazelton}, B.~J. and {Sullivan}, I.~S. and
         {Morales}, M.~F. and {Pober}, J.~C. and {Line}, J. and {Greig}, B. and
         {Byrne}, R. and {Lanman}, A. and {Li}, W. and {Jordan}, C.~H. and
         {Joseph}, R.~C. and {McKinley}, B. and {Rahimi}, M. and {Yoshiura}, S. and
         {Bowman}, J.~D. and {Gaensler}, B.~M. and {Hewitt}, J.~N. and
         {Jacobs}, D.~C. and {Mitchell}, D.~A. and {Udaya Shankar}, N. and
         {Sethi}, S.~K. and {Subrahmanyan}, R. and {Tingay}, S.~J. and
         {Webster}, R.~L. and {Wyithe}, J.~S.~B.},
        title = "{Improving the Epoch of Reionization Power Spectrum Results from Murchison Widefield Array Season 1 Observations}",
      journal = {\apj},
     keywords = {cosmology: observations, dark ages, reionization, first stars, methods: data analysis, Astrophysics - Instrumentation and Methods for Astrophysics, Astrophysics - Cosmology and Nongalactic Astrophysics},
         year = "2019",
        month = "Oct",
       volume = {884},
       number = {1},
          eid = {1},
        pages = {1},
          doi = {10.3847/1538-4357/ab40a8},
archivePrefix = {arXiv},
       eprint = {1909.00561},
 primaryClass = {astro-ph.IM},
       adsurl = {https://ui.adsabs.harvard.edu/abs/2019ApJ...884....1B},
      adsnote = {Provided by the SAO/NASA Astrophysics Data System}
}

@ARTICLE{2018MNRAS.479.2754K,
       author = {{Kubota}, Kenji and {Yoshiura}, Shintaro and {Takahashi}, Keitaro and
         {Hasegawa}, Kenji and {Yajima}, Hidenobu and {Ouchi}, Masami and
         {Pindor}, B. and {Webster}, R.~L.},
        title = "{Detectability of the 21-cm signal during the epoch of reionization with 21-cm Lyman {\ensuremath{\alpha}} emitter cross-correlation - I}",
      journal = {\mnras},
     keywords = {instrumentation: interferometers, methods: statistical, galaxies: high-redshift, dark ages, reionization, first stars, Astrophysics - Cosmology and Nongalactic Astrophysics},
         year = "2018",
        month = "Sep",
       volume = {479},
       number = {2},
        pages = {2754-2766},
          doi = {10.1093/mnras/sty1471},
archivePrefix = {arXiv},
       eprint = {1708.06291},
 primaryClass = {astro-ph.CO},
       adsurl = {https://ui.adsabs.harvard.edu/abs/2018MNRAS.479.2754K},
      adsnote = {Provided by the SAO/NASA Astrophysics Data System}
}

@INPROCEEDINGS{2018IAUS..333..250S,
       author = {{Silva}, Marta B. and {Zaroubi}, Saleem},
        title = "{Line Intensity Mapping during the Epoch of Reionization}",
     keywords = {galaxies: high-redshift, Galaxy: evolution, (ISM:) dust, extinction, (cosmology:) large-scale structure of universe},
    booktitle = {Peering towards Cosmic Dawn},
         year = "2018",
       editor = {{Jeli{\'c}}, Vibor and {van der Hulst}, Thijs},
       series = {IAU Symposium},
       volume = {333},
        month = "May",
        pages = {250-253},
          doi = {10.1017/S1743921317011085},
       adsurl = {https://ui.adsabs.harvard.edu/abs/2018IAUS..333..250S},
      adsnote = {Provided by the SAO/NASA Astrophysics Data System}
}

@ARTICLE{2017ApJ...849...50N,
       author = {{Neben}, Abraham R. and {Stalder}, Brian and {Hewitt}, Jacqueline N. and
         {Tonry}, John L.},
        title = "{Foreground and Sensitivity Analysis for Broadband (2D) 21 cm-Ly{\ensuremath{\alpha}} and 21 cm-H{\ensuremath{\alpha}} Correlation Experiments Probing the Epoch of Reionization}",
      journal = {\apj},
     keywords = {cosmology: observations, dark ages, reionization, first stars, infrared: diffuse background, Astrophysics - Cosmology and Nongalactic Astrophysics},
         year = "2017",
        month = "Nov",
       volume = {849},
       number = {1},
          eid = {50},
        pages = {50},
          doi = {10.3847/1538-4357/aa8f9c},
archivePrefix = {arXiv},
       eprint = {1711.00866},
 primaryClass = {astro-ph.CO},
       adsurl = {https://ui.adsabs.harvard.edu/abs/2017ApJ...849...50N},
      adsnote = {Provided by the SAO/NASA Astrophysics Data System}
}

@ARTICLE{2017ApJ...848...52H,
       author = {{Heneka}, Caroline and {Cooray}, Asantha and {Feng}, Chang},
        title = "{Probing the Intergalactic Medium with Ly{\ensuremath{\alpha}} and 21 cm Fluctuations}",
      journal = {\apj},
     keywords = {cosmology: theory, dark ages, reionization, first stars, diffuse radiation, intergalactic medium, large-scale structure of universe, Astrophysics - Cosmology and Nongalactic Astrophysics},
         year = "2017",
        month = "Oct",
       volume = {848},
       number = {1},
          eid = {52},
        pages = {52},
          doi = {10.3847/1538-4357/aa8eed},
archivePrefix = {arXiv},
       eprint = {1611.09682},
 primaryClass = {astro-ph.CO},
       adsurl = {https://ui.adsabs.harvard.edu/abs/2017ApJ...848...52H},
      adsnote = {Provided by the SAO/NASA Astrophysics Data System}
}

@ARTICLE{2017ApJ...846...21F,
       author = {{Feng}, Chang and {Cooray}, Asantha and {Keating}, Brian},
        title = "{A Halo Model Approach to the 21 cm and Ly{\ensuremath{\alpha}} Cross-correlation}",
      journal = {\apj},
     keywords = {dark ages, reionization, first stars, ISM: lines and bands, large-scale structure of universe, Astrophysics - Cosmology and Nongalactic Astrophysics},
         year = "2017",
        month = "Sep",
       volume = {846},
       number = {1},
          eid = {21},
        pages = {21},
          doi = {10.3847/1538-4357/aa7ff1},
archivePrefix = {arXiv},
       eprint = {1701.07005},
 primaryClass = {astro-ph.CO},
       adsurl = {https://ui.adsabs.harvard.edu/abs/2017ApJ...846...21F},
      adsnote = {Provided by the SAO/NASA Astrophysics Data System}
}

@ARTICLE{2017ApJ...836..176H,
       author = {{Hutter}, Anne and {Dayal}, Pratika and {M{\"u}ller}, Volker and
         {Trott}, Cathryn M.},
        title = "{Exploring 21cm-Lyman Alpha Emitter Synergies for SKA}",
      journal = {\apj},
     keywords = {dark ages, reionization, first stars, galaxies: high-redshift, intergalactic medium, dust, extinction, methods: numerical, radiative transfer, Astrophysics - Cosmology and Nongalactic Astrophysics, Astrophysics - Astrophysics of Galaxies},
         year = "2017",
        month = "Feb",
       volume = {836},
       number = {2},
          eid = {176},
        pages = {176},
          doi = {10.3847/1538-4357/836/2/176},
archivePrefix = {arXiv},
       eprint = {1605.01734},
 primaryClass = {astro-ph.CO},
       adsurl = {https://ui.adsabs.harvard.edu/abs/2017ApJ...836..176H},
      adsnote = {Provided by the SAO/NASA Astrophysics Data System}
}

@ARTICLE{2016MNRAS.459.2741S,
       author = {{Sobacchi}, Emanuele and {Mesinger}, Andrei and {Greig}, Bradley},
        title = "{Cross-correlation of the cosmic 21-cm signal and Lyman {\ensuremath{\alpha}} emitters during reionization}",
      journal = {\mnras},
     keywords = {galaxies: formation, cosmology: theory, dark ages, reionization, first stars, early Universe, Astrophysics - Cosmology and Nongalactic Astrophysics},
         year = "2016",
        month = "Jul",
       volume = {459},
       number = {3},
        pages = {2741-2750},
          doi = {10.1093/mnras/stw811},
archivePrefix = {arXiv},
       eprint = {1602.04837},
 primaryClass = {astro-ph.CO},
       adsurl = {https://ui.adsabs.harvard.edu/abs/2016MNRAS.459.2741S},
      adsnote = {Provided by the SAO/NASA Astrophysics Data System}
}

@ARTICLE{2014ApJ...785...72G,
       author = {{Gong}, Yan and {Silva}, Marta and {Cooray}, Asantha and
         {Santos}, Mario G.},
        title = "{Foreground Contamination in Ly{\ensuremath{\alpha}} Intensity Mapping during the Epoch of Reionization}",
      journal = {\apj},
     keywords = {cosmology: theory, diffuse radiation, intergalactic medium, large-scale structure of universe, Astrophysics - Cosmology and Nongalactic Astrophysics},
         year = "2014",
        month = "Apr",
       volume = {785},
       number = {1},
          eid = {72},
        pages = {72},
          doi = {10.1088/0004-637X/785/1/72},
archivePrefix = {arXiv},
       eprint = {1312.2035},
 primaryClass = {astro-ph.CO},
       adsurl = {https://ui.adsabs.harvard.edu/abs/2014ApJ...785...72G},
      adsnote = {Provided by the SAO/NASA Astrophysics Data System}
}

@ARTICLE{2011MNRAS.411..955M,
       author = {{Mesinger}, Andrei and {Furlanetto}, Steven and {Cen}, Renyue},
        title = "{21CMFAST: a fast, seminumerical simulation of the high-redshift 21-cm signal}",
      journal = {\mnras},
     keywords = {methods: numerical, galaxies: high redshift, dark ages, reionization, first stars, diffuse radiation, early Universe, large-scale structure of Universe, Astrophysics - Cosmology and Nongalactic Astrophysics},
         year = "2011",
        month = "Feb",
       volume = {411},
       number = {2},
        pages = {955-972},
          doi = {10.1111/j.1365-2966.2010.17731.x},
archivePrefix = {arXiv},
       eprint = {1003.3878},
 primaryClass = {astro-ph.CO},
       adsurl = {https://ui.adsabs.harvard.edu/abs/2011MNRAS.411..955M},
      adsnote = {Provided by the SAO/NASA Astrophysics Data System}
}
